<collection>
  <record>
    <controlfield tag="001">1</controlfield>
    <controlfield tag="005">20161209113154.0</controlfield>
    <datafield tag="020" ind1=" " ind2=" ">
      <subfield code="a">978-0-8218-1241-9</subfield>
      <subfield code="b">print</subfield>
    </datafield>
    <datafield tag="020" ind1=" " ind2=" ">
      <subfield code="a">978-0-8218-9985-4</subfield>
      <subfield code="b">online</subfield>
    </datafield>
    <datafield tag="024" ind1="7" ind2=" ">
      <subfield code="2">DOI</subfield>
      <subfield code="a">10.1090/memo/0041</subfield>
    </datafield>
    <datafield tag="035" ind1=" " ind2=" ">
      <subfield code="9">SPIRESTeX</subfield>
      <subfield code="a">Wong:1961af</subfield>
    </datafield>
    <datafield tag="035" ind1=" " ind2=" ">
      <subfield code="9">MSNET</subfield>
      <subfield code="a">0383311</subfield>
    </datafield>
    <datafield tag="035" ind1=" " ind2=" ">
      <subfield code="9">ZBLATT</subfield>
      <subfield code="a">0124.13401</subfield>
    </datafield>
    <datafield tag="650" ind1="1" ind2="7">
      <subfield code="2">INSPIRE</subfield>
      <subfield code="a">Math and Math Physics</subfield>
    </datafield>
    <datafield tag="773" ind1=" " ind2=" ">
      <subfield code="c">1-112</subfield>
      <subfield code="p">Mem.Am.Math.Soc.</subfield>
      <subfield code="v">41</subfield>
      <subfield code="y">1961</subfield>
      <subfield code="1">1214590</subfield>
    </datafield>
    <datafield tag="970" ind1=" " ind2=" ">
      <subfield code="a">SPIRES-60</subfield>
    </datafield>
    <datafield tag="980" ind1=" " ind2=" ">
      <subfield code="a">Book</subfield>
    </datafield>
    <datafield tag="980" ind1=" " ind2=" ">
      <subfield code="a">Citeable</subfield>
    </datafield>
    <datafield tag="980" ind1=" " ind2=" ">
      <subfield code="a">HEP</subfield>
    </datafield>
    <datafield tag="300" ind1=" " ind2=" ">
      <subfield code="a">114</subfield>
    </datafield>
    <datafield tag="999" ind1="C" ind2="5">
      <subfield code="s">Annals Math.,43,161</subfield>
    </datafield>
    <datafield tag="999" ind1="C" ind2="5">
      <subfield code="s">Am.Math.Mon.,53,136</subfield>
    </datafield>
    <datafield tag="999" ind1="C" ind2="5">
      <subfield code="s">Actual.Sci.Ind.,643,1</subfield>
      <subfield code="0">1256272</subfield>
    </datafield>
    <datafield tag="999" ind1="C" ind2="5">
      <subfield code="s">Exposes Geom.,9,1</subfield>
      <subfield code="0">1256272</subfield>
    </datafield>
    <datafield tag="999" ind1="C" ind2="5">
      <subfield code="s">Enseign.Math.,40,26</subfield>
    </datafield>
    <datafield tag="999" ind1="C" ind2="5">
      <subfield code="s">Annals Math.,47,510</subfield>
    </datafield>
    <datafield tag="999" ind1="C" ind2="5">
      <subfield code="s">Comment.Math.Helv.,15,358</subfield>
    </datafield>
    <datafield tag="999" ind1="C" ind2="5">
      <subfield code="s">Trans.Am.Math.Soc.,61,193</subfield>
    </datafield>
    <datafield tag="999" ind1="C" ind2="5">
      <subfield code="s">Math.Ann.,88,1</subfield>
    </datafield>
    <datafield tag="999" ind1="C" ind2="5">
      <subfield code="s">Grundlehren Math.Wiss.,26,1</subfield>
    </datafield>
    <datafield tag="999" ind1="C" ind2="5">
      <subfield code="s">Math.Ann.,60,546</subfield>
    </datafield>
    <datafield tag="999" ind1="C" ind2="5">
      <subfield code="s">Comment.Math.Helv.,21,261</subfield>
    </datafield>
    <datafield tag="999" ind1="C" ind2="5">
      <subfield code="s">Abh.Math.Sem.Univ.Hamburg,1,1</subfield>
    </datafield>
    <datafield tag="999" ind1="C" ind2="5">
      <subfield code="s">Am.J.Math.,67,472</subfield>
    </datafield>
    <datafield tag="999" ind1="C" ind2="5">
      <subfield code="s">Comment.Math.Helv.,8,305</subfield>
    </datafield>
    <datafield tag="999" ind1="C" ind2="5">
      <subfield code="s">Tohoku Math.J.,3,322</subfield>
    </datafield>
    <datafield tag="999" ind1="C" ind2="5">
      <subfield code="s">Annals Math.,75,603</subfield>
    </datafield>
    <datafield tag="999" ind1="C" ind2="5">
      <subfield code="s">Proc.Lond.Math.Soc.,4,381</subfield>
    </datafield>
    <datafield tag="999" ind1="C" ind2="5">
      <subfield code="s">Ill.J.Math.,7,425</subfield>
    </datafield>
    <datafield tag="999" ind1="C" ind2="5">
      <subfield code="s">Ill.J.Math.,7,447</subfield>
    </datafield>
    <datafield tag="999" ind1="C" ind2="5">
      <subfield code="s">Proc.Nat.Acad.Sci.,57,589</subfield>
      <subfield code="0">51394</subfield>
    </datafield>
    <datafield tag="999" ind1="C" ind2="5">
      <subfield code="s">Bull.Am.Math.Soc.,74,240</subfield>
    </datafield>
    <datafield tag="999" ind1="C" ind2="5">
      <subfield code="s">Proc.Nat.Acad.Sci.,60,75</subfield>
    </datafield>
    <datafield tag="999" ind1="C" ind2="5">
      <subfield code="s">Bull.Am.Math.Soc.,75,409</subfield>
    </datafield>
    <datafield tag="999" ind1="C" ind2="5">
      <subfield code="s">J.Diff.Geom.,4,37</subfield>
    </datafield>
    <datafield tag="999" ind1="C" ind2="5">
      <subfield code="s">Tohoku Math.J.,22,604</subfield>
    </datafield>
    <datafield tag="909" ind1="C" ind2="O">
      <subfield code="o">oai:inspirehep.net:1</subfield>
      <subfield code="p">INSPIRE:HEP</subfield>
    </datafield>
    <datafield tag="961" ind1=" " ind2=" ">
      <subfield code="c">2001-02-23</subfield>
      <subfield code="x">2016-12-09</subfield>
    </datafield>
    <datafield tag="245" ind1=" " ind2=" ">
      <subfield code="a">Isoclinic N planes in Euclidean 2N space, Clifford parallels in elliptic
        (2N-1) space, and the Hurwitz matrix equations</subfield>
    </datafield>
    <datafield tag="246" ind1=" " ind2=" ">
      <subfield code="9">arXiv</subfield>
      <subfield code="a">Isoclinic n-planes in Euclidean 2n-space, Clifford parallels in elliptic
        (2n-1)-space, and the Hurwitz matrix equations</subfield>
    </datafield>
    <datafield tag="100" ind1=" " ind2=" ">
      <subfield code="a">Wong, Yung-Chow</subfield>
      <subfield code="u">Hong Kong U.</subfield>
      <subfield code="w">Y.C.Wong.1</subfield>
      <subfield code="y">0</subfield>
      <subfield code="z">908370</subfield>
    </datafield>
    <datafield tag="269" ind1=" " ind2=" ">
      <subfield code="c">1961</subfield>
    </datafield>
    <datafield tag="500" ind1=" " ind2=" ">
      <subfield code="a">Second printing with corrections 1971 (ISBN: 0-8218-1241-6).</subfield>
    </datafield>
    <datafield tag="520" ind1=" " ind2=" ">
      <subfield code="a">Introduction Part I. Isoclinic nn-planes in E2nE2n and Clifford parallel
        (n−1)(n−1)-planes in EL2n−1EL2n−1 1. The nn-planes in E2nE2n 2. Condition for two nn-planes
        in E2nE2n to be isoclinic with each other 3. Maximal sets of mutually isoclinic nn-planes in
        E2nE2n and of mutually Clifford-parallel (n−1n−1)-planes in EL2n−1EL2n−1. Existence of such
        maximal sets 4. An application: nn-dimensional C2C2-surfaces in E2nE2n with mutually
        isoclinic tangent nn-planes 5. Some properties of maximal sets 6. Numbers of non-congruent
        maximal sets — proof of Theorem 3.4 7. Further properties of maximal sets 8. Maximal sets of
        mutually isoclinic nn-planes in E2nE2n as submanifolds of the Grassmann manifold
        G(n,n)G(n,n) of nn-planes in E2nE2n Part II. The Hurwitz matrix equations 1. Historial
        remarks 2. Some lemmas on matrices 3. Reduction of real solutions to quasi-solutions 4.
        Existence of real solutions — the Hurwitz-Radon theorem 5. Construction and properties of
        the real solutions 6. Further properties of the real solutions 7. The maximal real solutions
        8. The cases n=2n=2, 44, 8</subfield>
    </datafield>
  </record>