

  <record>
    <controlfield tag="001">17</controlfield>
    <controlfield tag="005">20160404111619.0</controlfield>
    <datafield tag="035" ind1=" " ind2=" ">
      <subfield code="a">Breymayer:1963bh</subfield>
      <subfield code="9">SPIRESTeX</subfield>
    </datafield>
    <datafield tag="037" ind1=" " ind2=" ">
      <subfield code="a">SLAC-TN-63-023</subfield>
    </datafield>
    <datafield tag="100" ind1=" " ind2=" ">
      <subfield code="a">Breymayer, K.E.</subfield>
      <subfield code="u">SLAC</subfield>
      <subfield code="w">K.E.Breymayer.1</subfield>
      <subfield code="y">0</subfield>
      <subfield code="z">903206</subfield>
    </datafield>
    <datafield tag="245" ind1=" " ind2=" ">
      <subfield code="a">SYSTEM INTERCONNECTION AND PROTECTION OF THE MODULATOR</subfield>
    </datafield>
    <datafield tag="269" ind1=" " ind2=" ">
      <subfield code="c">1963-03</subfield>
    </datafield>
    <datafield tag="300" ind1=" " ind2=" ">
      <subfield code="a">21</subfield>
    </datafield>
    <datafield tag="700" ind1=" " ind2=" ">
      <subfield code="a">Mallory, Kenneth B.</subfield>
      <subfield code="u">SLAC</subfield>
      <subfield code="w">K.B.Mallory.1</subfield>
      <subfield code="y">0</subfield>
      <subfield code="z">903206</subfield>
    </datafield>
    <datafield tag="710" ind1=" " ind2=" ">
      <subfield code="a">SLAC</subfield>
    </datafield>
    <datafield tag="856" ind1="4" ind2=" ">
      <subfield code="u"
        >http://www-public.slac.stanford.edu/sciDoc/docMeta.aspx?slacPubNumber=slac-tn-63-023</subfield>
      <subfield code="w">slac-tn-63-023</subfield>
      <subfield code="y">SLAC</subfield>
    </datafield>
    <datafield tag="856" ind1="4" ind2=" ">
      <subfield code="s">1903536</subfield>
      <subfield code="u">http://inspirehep.net/record/17/files/slac-tn-63-023.pdf</subfield>
    </datafield>
    <datafield tag="909" ind1="C" ind2="O">
      <subfield code="o">oai:inspirehep.net:17</subfield>
      <subfield code="p">INSPIRE:HEP</subfield>
    </datafield>
    <datafield tag="961" ind1=" " ind2=" ">
      <subfield code="c">1963-03-01</subfield>
      <subfield code="x">2016-07-13</subfield>
    </datafield>
    <datafield tag="970" ind1=" " ind2=" ">
      <subfield code="a">SPIRES-329</subfield>
    </datafield>
    <datafield tag="980" ind1=" " ind2=" ">
      <subfield code="a">HEP</subfield>
    </datafield>
    <datafield tag="999" ind1="C" ind2="6">
      <subfield code="a">0-0-0-0-0-0-1</subfield>
      <subfield code="t">2014-08-13 15:34:53</subfield>
      <subfield code="v">Invenio/1.1.2.1260-aa76f refextract/1.5.44</subfield>
      <subfield code="v">content.pdf;1</subfield>
    </datafield>
    <datafield tag="999" ind1="C" ind2="5">
      <subfield code="o">1</subfield>
      <subfield code="m">will open, thus o~nlng the ac cQxuit to the -</subfield>
    </datafield>
    <datafield tag="999" ind1="C" ind2="5">
      <subfield code="m">2</subfield>
    </datafield>
    <datafield tag="999" ind1="C" ind2="5">
      <subfield code="o">3</subfield>
      <subfield code="m">Apply the trigger. If the high voltage is present, the klystron is pulsed
        and draws average current. Then the '%xI On flow. 2. Recycling and Resetting Af'ter Fault in
        DC or AC Part of Adulator (a) AC part: (1) Fault opens main circuit breaker</subfield>
      <subfield code="t">relay comes on. In addI.tion, a light at the modulator comes on, indicating
        *'Klystron Current</subfield>
    </datafield>
    <datafield tag="999" ind1="C" ind2="5">
      <subfield code="o">3</subfield>
      <subfield code="m">no recycling</subfield>
    </datafield>
    <datafield tag="999" ind1="C" ind2="5">
      <subfield code="o">3</subfield>
      <subfield code="m">removes the 260-6~0 vous l (2) Resetting: close circuit breaker only, no
        further action necessary if fault is cleared. (b) DC part: There are four fault-sensing
        elements:* ignitron overload, grid overload, bias overload, and high-voltage overload
        (overaurrent). Each of these opens the power to the au'xiliary relay of the contactor and
        thus removes high voltage and power from the trigger circuit. Whenhigh-voltage removal makes
        a fault d$sappar, the fault relay closes and starts the recycling timer, which in turn
        closes the main contactor after the preset timer (100 msec - 3 min) runs out, and restores
        Rower to the trigger circuit. The opentng and closing of a fault relay causes a stepping
        relsy to count one fault. Concept of the fault selector switch: it can be set for l-10
        faults. !." p~ee&amp; nuniber of faults is reached kn less than 25 minutes, the recycle
        lockout relay opens, an aaiber light</subfield>
    </datafield>
    <datafield tag="999" ind1="C" ind2="5">
      <subfield code="o">4</subfield>
      <subfield code="m">% u --L--_ I ‘2 Q-4 -r---.‘-i-’I ___----_.--_.-_. -.L.-</subfield>
    </datafield>
  </record>