

  <record>
    <controlfield tag="001">18</controlfield>
    <controlfield tag="005">20140813111316.0</controlfield>
    <datafield tag="035" ind1=" " ind2=" ">
      <subfield code="a">Johnston:1977saa</subfield>
      <subfield code="9">INSPIRETeX</subfield>
    </datafield>
    <datafield tag="037" ind1=" " ind2=" ">
      <subfield code="a">SLAC-PUB-0341</subfield>
    </datafield>
    <datafield tag="100" ind1=" " ind2=" ">
      <subfield code="a">Johnston, Lawrence II.</subfield>
      <subfield code="u">SLAC</subfield>
      <subfield code="w">L.H.Johnston.1</subfield>
      <subfield code="y">0</subfield>
      <subfield code="z">903206</subfield>
    </datafield>
    <datafield tag="245" ind1=" " ind2=" ">
      <subfield code="a">A target beam monitor using secondary electron emission</subfield>
    </datafield>
    <datafield tag="269" ind1=" " ind2=" ">
      <subfield code="c">1977-08</subfield>
    </datafield>
    <datafield tag="300" ind1=" " ind2=" ">
      <subfield code="a">17</subfield>
    </datafield>
    <datafield tag="700" ind1=" " ind2=" ">
      <subfield code="a">Murray, Joseph J.</subfield>
      <subfield code="u">SLAC</subfield>
      <subfield code="w">J.J.Murray.1</subfield>
      <subfield code="y">0</subfield>
      <subfield code="z">903206</subfield>
    </datafield>
    <datafield tag="700" ind1=" " ind2=" ">
      <subfield code="a">Gearhart, Roger A.</subfield>
      <subfield code="u">LBL, Berkeley</subfield>
      <subfield code="w">R.Gearhart.1</subfield>
      <subfield code="y">0</subfield>
      <subfield code="z">902953</subfield>
    </datafield>
    <datafield tag="700" ind1=" " ind2=" ">
      <subfield code="a">Hauser, Todd</subfield>
      <subfield code="u">LBL, Berkeley</subfield>
      <subfield code="w">T.Hauser.2</subfield>
      <subfield code="y">0</subfield>
      <subfield code="z">902953</subfield>
    </datafield>
    <datafield tag="700" ind1=" " ind2=" ">
      <subfield code="a">Klein, Paul R.</subfield>
      <subfield code="u">Purdue U.</subfield>
      <subfield code="w">P.Klein.2</subfield>
      <subfield code="y">0</subfield>
      <subfield code="z">903142</subfield>
    </datafield>
    <datafield tag="856" ind1="4" ind2=" ">
      <subfield code="w">0341</subfield>
      <subfield code="y">SLACPUB</subfield>
      <subfield code="u"
        >http://www-public.slac.stanford.edu/sciDoc/docMeta.aspx?slacPubNumber=SLAC-PUB-0341</subfield>
    </datafield>
    <datafield tag="856" ind1="4" ind2=" ">
      <subfield code="s">1110230</subfield>
      <subfield code="u">http://inspirehep.net/record/18/files/slac-pub-0341.pdf</subfield>
    </datafield>
    <datafield tag="909" ind1="C" ind2="O">
      <subfield code="o">oai:inspirehep.net:18</subfield>
      <subfield code="p">INSPIRE:HEP</subfield>
    </datafield>
    <datafield tag="961" ind1=" " ind2=" ">
      <subfield code="c">1977-01-01</subfield>
      <subfield code="x">2014-08-13</subfield>
    </datafield>
    <datafield tag="970" ind1=" " ind2=" ">
      <subfield code="a">SPIRES-337</subfield>
    </datafield>
    <datafield tag="980" ind1=" " ind2=" ">
      <subfield code="a">HEP</subfield>
    </datafield>
    <datafield tag="999" ind1="C" ind2="5">
      <subfield code="s">Rev.Sci.Instrum.,26,229</subfield>
    </datafield>
    <datafield tag="999" ind1="C" ind2="5">
      <subfield code="s">IEEE Trans.Nucl.Sci.,12,935</subfield>
      <subfield code="0">48647</subfield>
    </datafield>
    <datafield tag="999" ind1="C" ind2="5">
      <subfield code="s">Nucl.Instrum.Meth.,15,63</subfield>
    </datafield>
    <datafield tag="999" ind1="C" ind2="5">
      <subfield code="s">Phys.Rev.Lett.,18,366</subfield>
    </datafield>
  </record>