

  <record>
    <controlfield tag="001">23</controlfield>
    <controlfield tag="005">20160404111620.0</controlfield>
    <datafield tag="035" ind1=" " ind2=" ">
      <subfield code="a">Mozley:1963bw</subfield>
      <subfield code="9">SPIRESTeX</subfield>
    </datafield>
    <datafield tag="037" ind1=" " ind2=" ">
      <subfield code="a">SLAC-TN-63-045</subfield>
    </datafield>
    <datafield tag="100" ind1=" " ind2=" ">
      <subfield code="a">Mozley, Robert F.</subfield>
      <subfield code="u">SLAC</subfield>
      <subfield code="w">R.F.Mozley.1</subfield>
      <subfield code="y">0</subfield>
      <subfield code="z">903206</subfield>
    </datafield>
    <datafield tag="245" ind1=" " ind2=" ">
      <subfield code="a">PROPOSAL FOR A LARGE SOLID ANGLE PHOTON AND ELECTRON INTERACTION
        DETECTOR</subfield>
    </datafield>
    <datafield tag="269" ind1=" " ind2=" ">
      <subfield code="c">1963-08</subfield>
    </datafield>
    <datafield tag="300" ind1=" " ind2=" ">
      <subfield code="a">28</subfield>
    </datafield>
    <datafield tag="710" ind1=" " ind2=" ">
      <subfield code="a">SLAC</subfield>
    </datafield>
    <datafield tag="856" ind1="4" ind2=" ">
      <subfield code="u"
        >http://www-public.slac.stanford.edu/sciDoc/docMeta.aspx?slacPubNumber=slac-tn-63-045</subfield>
      <subfield code="w">slac-tn-63-045</subfield>
      <subfield code="y">SLAC</subfield>
    </datafield>
    <datafield tag="856" ind1="4" ind2=" ">
      <subfield code="s">3089417</subfield>
      <subfield code="u">http://inspirehep.net/record/23/files/slac-tn-63-045.pdf</subfield>
    </datafield>
    <datafield tag="909" ind1="C" ind2="O">
      <subfield code="o">oai:inspirehep.net:23</subfield>
      <subfield code="p">INSPIRE:HEP</subfield>
    </datafield>
    <datafield tag="961" ind1=" " ind2=" ">
      <subfield code="c">1963-08-01</subfield>
      <subfield code="x">2016-07-13</subfield>
    </datafield>
    <datafield tag="970" ind1=" " ind2=" ">
      <subfield code="a">SPIRES-450</subfield>
    </datafield>
    <datafield tag="980" ind1=" " ind2=" ">
      <subfield code="a">HEP</subfield>
    </datafield>
    <datafield tag="999" ind1="C" ind2="5">
      <subfield code="o">1</subfield>
      <subfield code="m">a c ? where we wish i elk-k i</subfield>
    </datafield>
    <datafield tag="999" ind1="C" ind2="5">
      <subfield code="m">2</subfield>
    </datafield>
    <datafield tag="999" ind1="C" ind2="5">
      <subfield code="m">c - 23. - 24 Theref me - 25 Ee% then %herefcwe, II \/ \ \/ \/ b’</subfield>
    </datafield>
    <datafield tag="999" ind1="C" ind2="6">
      <subfield code="a">0-0-0-0-0-0-1</subfield>
      <subfield code="t">2014-08-13 15:34:22</subfield>
      <subfield code="v">Invenio/1.1.2.1260-aa76f refextract/1.5.44</subfield>
      <subfield code="v">content.pdf;1</subfield>
    </datafield>
  </record>