

  <record>
    <controlfield tag="001">24</controlfield>
    <controlfield tag="005">20140813154923.0</controlfield>
    <datafield tag="035" ind1=" " ind2=" ">
      <subfield code="a">Vakhrushin:1977bz</subfield>
      <subfield code="9">SPIRESTeX</subfield>
    </datafield>
    <datafield tag="037" ind1=" " ind2=" ">
      <subfield code="a">SLAC-TRANS-0086</subfield>
    </datafield>
    <datafield tag="100" ind1=" " ind2=" ">
      <subfield code="a">Vakhrushin, Yu.P.</subfield>
      <subfield code="u">NIIEFA, St. Petersburg</subfield>
      <subfield code="w">Y.P.Vakhrushin.1</subfield>
      <subfield code="y">0</subfield>
      <subfield code="z">903073</subfield>
    </datafield>
    <datafield tag="245" ind1=" " ind2=" ">
      <subfield code="a">Study of electron Induced Desorption from the Surface of Metals</subfield>
    </datafield>
    <datafield tag="269" ind1=" " ind2=" ">
      <subfield code="c">1977</subfield>
    </datafield>
    <datafield tag="300" ind1=" " ind2=" ">
      <subfield code="a">11</subfield>
    </datafield>
    <datafield tag="700" ind1=" " ind2=" ">
      <subfield code="a">Ryabov, V.V.</subfield>
      <subfield code="u">NIIEFA, St. Petersburg</subfield>
      <subfield code="w">V.A.Ryabov.1</subfield>
      <subfield code="x">1041777</subfield>
      <subfield code="y">0</subfield>
      <subfield code="z">903073</subfield>
    </datafield>
    <datafield tag="856" ind1="4" ind2=" ">
      <subfield code="w">SLAC-TRANS-0086</subfield>
      <subfield code="y">SLAC</subfield>
      <subfield code="u"
        >http://www-public.slac.stanford.edu/sciDoc/docMeta.aspx?slacPubNumber=SLAC-TRANS-0086</subfield>
    </datafield>
    <datafield tag="856" ind1="4" ind2=" ">
      <subfield code="s">645312</subfield>
      <subfield code="u">http://inspirehep.net/record/24/files/slac-trans-0086.pdf</subfield>
    </datafield>
    <datafield tag="909" ind1="C" ind2="O">
      <subfield code="o">oai:inspirehep.net:24</subfield>
      <subfield code="p">INSPIRE:HEP</subfield>
    </datafield>
    <datafield tag="961" ind1=" " ind2=" ">
      <subfield code="c">1977-01-01</subfield>
      <subfield code="x">2014-08-13</subfield>
    </datafield>
    <datafield tag="970" ind1=" " ind2=" ">
      <subfield code="a">SPIRES-485</subfield>
    </datafield>
    <datafield tag="980" ind1=" " ind2=" ">
      <subfield code="a">HEP</subfield>
    </datafield>
    <datafield tag="999" ind1="C" ind2="5">
      <subfield code="o">1</subfield>
      <subfield code="h">G. OlNeill</subfield>
      <subfield code="m">: Storage Rings</subfield>
      <subfield code="s">Science,141,679-686</subfield>
      <subfield code="y">1963</subfield>
    </datafield>
    <datafield tag="999" ind1="C" ind2="5">
      <subfield code="o">2</subfield>
      <subfield code="h">G.E. Fischer, R.A. Mack</subfield>
      <subfield code="m">: CEAL 1013, 23/X</subfield>
      <subfield code="y">1964</subfield>
    </datafield>
    <datafield tag="999" ind1="C" ind2="5">
      <subfield code="o">3</subfield>
      <subfield code="h">M. Bernardini, L. Malter</subfield>
      <subfield code="m">: Journal of Vacuum Science and Technology, vol. 2, no. 3 (19651,
        130-141</subfield>
    </datafield>
    <datafield tag="999" ind1="C" ind2="5">
      <subfield code="o">4</subfield>
      <subfield code="h">V.P. Auslender, G.S. Minchenkov</subfield>
      <subfield code="m">: Issledovanie desorbtsii gazov s metallicheskikh poverkhnostey pod
        deiistviem elektronnor bombardirovki (Study of gas desorption from metal surfaces under
        electron bombardment). Preprint, Institute of Nuclear Physics, Siberian Branch of the
        Academy of Sciences of the USSR, Novosibirsk,.. _</subfield>
      <subfield code="y">1965</subfield>
    </datafield>
    <datafield tag="999" ind1="C" ind2="6">
      <subfield code="a">0-0-0-1-0-0-1</subfield>
      <subfield code="t">2014-08-13 15:34:19</subfield>
      <subfield code="v">Invenio/1.1.2.1260-aa76f refextract/1.5.44</subfield>
      <subfield code="v">content.pdf;1</subfield>
    </datafield>
  </record>