

  <record>
    <controlfield tag="001">25</controlfield>
    <controlfield tag="005">20160404111620.0</controlfield>
    <datafield tag="035" ind1=" " ind2=" ">
      <subfield code="a">Miller:1963cb</subfield>
      <subfield code="9">SPIRESTeX</subfield>
    </datafield>
    <datafield tag="037" ind1=" " ind2=" ">
      <subfield code="a">SLAC-TN-63-065</subfield>
    </datafield>
    <datafield tag="100" ind1=" " ind2=" ">
      <subfield code="a">Miller, Roger H.</subfield>
      <subfield code="u">SLAC</subfield>
      <subfield code="w">Roger.H.Miller.1</subfield>
      <subfield code="x">1019152</subfield>
      <subfield code="y">1</subfield>
      <subfield code="z">903206</subfield>
    </datafield>
    <datafield tag="245" ind1=" " ind2=" ">
      <subfield code="a">PROPOSED BUNCH MONITOR</subfield>
    </datafield>
    <datafield tag="269" ind1=" " ind2=" ">
      <subfield code="c">1963-08</subfield>
    </datafield>
    <datafield tag="300" ind1=" " ind2=" ">
      <subfield code="a">4</subfield>
    </datafield>
    <datafield tag="710" ind1=" " ind2=" ">
      <subfield code="a">SLAC</subfield>
    </datafield>
    <datafield tag="856" ind1="4" ind2=" ">
      <subfield code="u"
        >http://www-public.slac.stanford.edu/sciDoc/docMeta.aspx?slacPubNumber=slac-tn-63-065</subfield>
      <subfield code="w">slac-tn-63-065</subfield>
      <subfield code="y">SLAC</subfield>
    </datafield>
    <datafield tag="856" ind1="4" ind2=" ">
      <subfield code="s">243432</subfield>
      <subfield code="u">http://inspirehep.net/record/25/files/slac-tn-63-065.pdf</subfield>
    </datafield>
    <datafield tag="909" ind1="C" ind2="O">
      <subfield code="o">oai:inspirehep.net:25</subfield>
      <subfield code="p">INSPIRE:HEP</subfield>
    </datafield>
    <datafield tag="961" ind1=" " ind2=" ">
      <subfield code="c">1963-08-01</subfield>
      <subfield code="x">2016-04-04</subfield>
    </datafield>
    <datafield tag="970" ind1=" " ind2=" ">
      <subfield code="a">SPIRES-507</subfield>
    </datafield>
    <datafield tag="980" ind1=" " ind2=" ">
      <subfield code="a">HEP</subfield>
    </datafield>
    <datafield tag="999" ind1="C" ind2="6">
      <subfield code="a">0-0-0-0-0-0-0</subfield>
      <subfield code="t">2014-08-13 15:34:16</subfield>
      <subfield code="v">Invenio/1.1.2.1260-aa76f refextract/1.5.44</subfield>
      <subfield code="v">content.pdf;1</subfield>
    </datafield>
  </record>