

  <record>
    <controlfield tag="001">26</controlfield>
    <controlfield tag="005">20131213072949.0</controlfield>
    <datafield tag="037" ind1=" " ind2=" ">
      <subfield code="a">SLAC-0060</subfield>
    </datafield>
    <datafield tag="037" ind1=" " ind2=" ">
      <subfield code="a">SLAC-060</subfield>
    </datafield>
    <datafield tag="037" ind1=" " ind2=" ">
      <subfield code="a">SLAC-60</subfield>
    </datafield>
    <datafield tag="037" ind1=" " ind2=" ">
      <subfield code="a">SLAC-R-060</subfield>
    </datafield>
    <datafield tag="037" ind1=" " ind2=" ">
      <subfield code="a">SLAC-R-60</subfield>
    </datafield>
    <datafield tag="037" ind1=" " ind2=" ">
      <subfield code="a">SLAC-R-0060</subfield>
    </datafield>
    <datafield tag="245" ind1=" " ind2=" ">
      <subfield code="a">withdrawn or canceled</subfield>
    </datafield>
    <datafield tag="909" ind1="C" ind2="O">
      <subfield code="o">oai:inspirehep.net:26</subfield>
      <subfield code="p">INSPIRE:HEP</subfield>
    </datafield>
    <datafield tag="961" ind1=" " ind2=" ">
      <subfield code="c">1977-01-01</subfield>
      <subfield code="x">2013-12-13</subfield>
    </datafield>
    <datafield tag="269" ind1=" " ind2=" ">
      <subfield code="c">1977</subfield>
    </datafield>
    <datafield tag="500" ind1=" " ind2=" ">
      <subfield code="a">Cancelled</subfield>
    </datafield>
    <datafield tag="970" ind1=" " ind2=" ">
      <subfield code="a">SPIRES-540</subfield>
    </datafield>
    <datafield tag="980" ind1=" " ind2=" ">
      <subfield code="a">Withdrawn</subfield>
    </datafield>
    <datafield tag="980" ind1=" " ind2=" ">
      <subfield code="a">Hep</subfield>
    </datafield>
  </record>